<record><leader>00000cas a22000007a 4500</leader><controlfield tag="001">20967413</controlfield><controlfield tag="008">900129d19451964aruwr ne      0    0eng d</controlfield><datafield ind1=" " ind2=" " tag="010"><subfield code="a">sn 90050021 </subfield></datafield><datafield ind1=" " ind2=" " tag="040"><subfield code="a">ANU</subfield><subfield code="b">eng</subfield><subfield code="c">ANU</subfield><subfield code="d">OCLCQ</subfield></datafield><datafield ind1=" " ind2=" " tag="042"><subfield code="a">msc</subfield></datafield><datafield ind1="0" ind2=" " tag="130"><subfield code="a">Mammoth Spring Democrat (Mammoth Spring, Ark. : 1945)</subfield></datafield><datafield ind1="1" ind2="0" tag="245"><subfield code="a">Mammoth Spring Democrat.</subfield></datafield><datafield ind1=" " ind2=" " tag="260"><subfield code="a">Mammoth Spring, Fulton County, Ark. :</subfield><subfield code="b">Charley E. Wahlquist</subfield></datafield><datafield ind1=" " ind2=" " tag="300"><subfield code="a">v.</subfield></datafield><datafield ind1=" " ind2=" " tag="310"><subfield code="a">Weekly</subfield></datafield><datafield ind1="0" ind2=" " tag="362"><subfield code="a">Vol. 56, no. 28 (Jan. 12, 1945)-v. 73, no. 4 (July 3, 1964).</subfield></datafield><datafield ind1=" " ind2=" " tag="752"><subfield code="a">United States</subfield><subfield code="b">Arkansas</subfield><subfield code="c">Fulton</subfield><subfield code="d">Mammoth Spring.</subfield></datafield><datafield ind1="0" ind2="0" tag="780"><subfield code="t">Democrat (Mammoth Spring, Ark. : 1926)</subfield><subfield code="w">(DLC)sn 90050023</subfield></datafield><datafield ind1="0" ind2="0" tag="785"><subfield code="t">Democrat (Mammoth Spring, Ark. : 1964)</subfield><subfield code="w">(DLC)sn 90050020</subfield></datafield></record>